<collection xmlns="http://www.loc.gov/MARC21/slim">
<record>
  <leader>01159nam0a22002531i 450 </leader>
  <controlfield tag="001">IT\ICCU\CNCE\064308</controlfield>
  <controlfield tag="005">20160505000000.0</controlfield>
  <datafield tag="012" ind1=" " ind2=" ">
    <subfield code="a">e,,&amp; iao, iloi teti (3) 1547 (Q)</subfield>
    <subfield code="2">fei</subfield>
  </datafield>
  <datafield tag="100" ind1=" " ind2=" ">
    <subfield code="a">20060320f1547        0itac0103    ba</subfield>
  </datafield>
  <datafield tag="101" ind1=" " ind2=" ">
    <subfield code="a">ITA</subfield>
  </datafield>
  <datafield tag="102" ind1=" " ind2=" ">
    <subfield code="a">FR</subfield>
  </datafield>
  <datafield tag="200" ind1="1" ind2=" ">
    <subfield code="a">Opera diuina della christiana vita nuouamente stampata</subfield>
  </datafield>
  <datafield tag="210" ind1=" " ind2=" ">
    <subfield code="d">\circa 1547!</subfield>
  </datafield>
  <datafield tag="215" ind1=" " ind2=" ">
    <subfield code="a">46 \i.e. 38! p.</subfield>
    <subfield code="d">8ʻ</subfield>
  </datafield>
  <datafield tag="300" ind1=" " ind2=" ">
    <subfield code="a">Stampata a Strasburgo da Rm̌y Guďon; per l&apos;autore, il tipografo e la data cfr.: Verzeichnis der im deutschen Sprachbereick erschienenen Drucke des XVI. Jahrhunderts. Cfr.: &lt;A HREF=&quot;http://gateway-bayern.de/VD16+L+7218&quot; TARGET = &quot;_blank&quot;&gt;VD16 L 7218&lt;/A&gt;</subfield>
  </datafield>
  <datafield tag="10" ind1="I" ind2="T">
    <subfield code="I">CCU\CNCE\064326</subfield>
    <subfield code="1">2001 </subfield>
    <subfield code="a">De libertate christiana</subfield>
  </datafield>
  <datafield tag="620" ind1=" " ind2=" ">
    <subfield code="a">FR</subfield>
    <subfield code="d">Strasburgo</subfield>
  </datafield>
  <datafield tag="700" ind1=" " ind2="1">
    <subfield code="a">Luther,</subfield>
    <subfield code="b">Martin</subfield>
    <subfield code="3">IT\ICCU\CNCA\006407</subfield>
  </datafield>
  <datafield tag="712" ind1="0" ind2="0">
    <subfield code="a">Guďon, Rm̌y</subfield>
    <subfield code="3">IT\ICCU\CNCT\006317</subfield>
    <subfield code="4">650</subfield>
  </datafield>
  <datafield tag="790" ind1=" " ind2="1">
    <subfield code="a">Lutero,</subfield>
    <subfield code="b">Martino</subfield>
    <subfield code="3">IT\ICCU\CNCA\017707</subfield>
    <subfield code="z">Luther, Martin</subfield>
  </datafield>
  <datafield tag="790" ind1=" " ind2="1">
    <subfield code="a">Lutherus,</subfield>
    <subfield code="b">Martinus</subfield>
    <subfield code="3">IT\ICCU\CNCA\021357</subfield>
    <subfield code="z">Luther, Martin</subfield>
  </datafield>
  <datafield tag="791" ind1="0" ind2="0">
    <subfield code="a">Guidon, Remigius</subfield>
    <subfield code="3">IT\ICCU\CNCT\006318</subfield>
    <subfield code="z">Guďon, Rm̌y</subfield>
  </datafield>
  <datafield tag="801" ind1=" " ind2="3">
    <subfield code="a">IT</subfield>
    <subfield code="b">ICCU</subfield>
    <subfield code="c">20201115</subfield>
  </datafield>
  <datafield tag="899" ind1=" " ind2=" ">
    <subfield code="a">Biblioteca nazionale centrale. Firenze</subfield>
    <subfield code="1">FI0098</subfield>
    <subfield code="2">CFI CF</subfield>
  </datafield>
</record>
</collection>
